@article{ref1,
  title={Acupuncture, chiropractic and osteopathy use in Australia: a national population survey},
  author={Xue, Charlie CL and Zhang, Anthony L and Lin, Vivian and Myers, Ray and Polus, Barbara and Story, David F},
  journal={BMC Public Health},
  volume={8},
  number={1},
  pages={105},
  year={2008},
  publisher={BioMed Central Ltd}
}

@article{ref2,
  title={Desired Chinese medicine practitioner capabilities and professional development needs: a survey of registered practitioners in Victoria, Australia},
  author={Xue, Charlie C and Zhou, Wenyu and Zhang, Anthony L and Greenwood, Kenneth and Da Costa, Cliff and Radloff, Alex and Lin, Vivian and Story, David F},
  journal={BMC health services research},
  volume={8},
  number={1},
  pages={27},
  year={2008},
  publisher={BioMed Central Ltd}
}

@article{ref3,
  title={The Victorian experience of transitional registration for Chinese Medicine practitioners and its implications for national registration},
  author={Zhou, Wenyu and Zhang, Anthony Lin and May, Brian H and Lin, Vivian K and Carlton, Anne-Louise and Xue, Charlie Changli},
  journal={Australian Health Review},
  volume={36},
  number={1},
  pages={61--67},
  year={2012},
  publisher={CSIRO}
}

@article{ref4,
  title={Does workforce regulation have the intended effect? The case of Chinese medicine practitioner registration},
  author={Lin, Vivian and Gillick, Debra},
  journal={Australian Health Review},
  volume={35},
  number={4},
  pages={455--461},
  year={2011},
  publisher={CSIRO}
}

@article{ref5,
  title={Identification of doctors at risk of recurrent complaints: a national study of healthcare complaints in Australia},
  author={Bismark, Marie M and Spittal, Matthew J and Gurrin, Lyle C and Ward, Michael and Studdert, David M},
  journal={BMJ quality \& safety},
  volume={22},
  number={7},
  pages={532--540},
  year={2013},
  publisher={BMJ Publishing Group Ltd}
}

@article{ref6,
  title={Governance of quality of care: a qualitative study of health service boards in Victoria, Australia},
  author={Bismark, Marie M and Studdert, David M},
  journal={BMJ quality \& safety},
  pages={bmjqs--2013},
  year={2013},
  publisher={BMJ Publishing Group Ltd}
}

@book{ref7,
  title={Data Mining: Practical machine learning tools and techniques},
  author={Witten, Ian H and Frank, Eibe},
  year={2005},
  publisher={Morgan Kaufmann}
}

@misc{ref8,
title = {AHPRA ANNUAL REPORT 2011/12},
year = {2012}
}

@article{ref9,
  title={From data mining to knowledge discovery in databases},
  author={Fayyad, Usama and Piatetsky-Shapiro, Gregory and Smyth, Padhraic},
  journal={AI magazine},
  volume={17},
  number={3},
  pages={37},
  year={1996}
}

@article{ref10,
  title={Application of data mining techniques in customer relationship management: A literature review and classification},
  author={Ngai, Eric WT and Xiu, Li and Chau, Dorothy CK},
  journal={Expert systems with applications},
  volume={36},
  number={2},
  pages={2592--2602},
  year={2009},
  publisher={Elsevier}
}

@article{ref11,
  title={Retrieving Product Features and Opinions from Customer Reviews},
  author={Garcia-Moya.L, Anaya-Sanchez.H and Berlanga-Llavori.R},
  journal={Intelligent Systems},
  volume={28},
  number={3},
  pages={19--27},
  year={2013},
  publisher={IEEE}
}

@inproceedings{ref12,
  title={E-Commerce Reviews Management System Based on Online Customer Reviews Mining},
  author={Bin, Deng and Peiji, Shao and Dan, Zhao},
  booktitle={Innovative Computing \& Communication, 2010 Intl Conf on and Information Technology \& Ocean Engineering, 2010 Asia-Pacific Conf on (CICC-ITOE)},
  pages={374--377},
  year={2010},
  organization={IEEE}
}

@book{ref13,
  title={Accelerating customer relationships: Using CRM and relationship technologies},
  author={Swift, Ronald S},
  year={2001},
  publisher={Prentice Hall Professional}
}

@article{ref14,
  title={Customer Relationship Management: Emerging Practice, Process, and Discipline.},
  author={Parvatiyar, Atul and Sheth, Jagdish N},
  journal={Journal of Economic \& Social Research},
  volume={3},
  number={2},
  year={2001}
}

@incollection{ref15,
  title={Customer management as the origin of collaborative customer relationship management},
  author={Kracklauer, Alexander H and Mills, D Quinn and Seifert, Dirk},
  booktitle={Collaborative Customer Relationship Management},
  pages={3--6},
  year={2004},
  publisher={Springer}
}

@article{ref16,
  title={Mining fuzzy association rules in a bank-account database},
  author={Au, W-H and Chan, Keith CC},
  journal={Fuzzy Systems, IEEE Transactions on},
  volume={11},
  number={2},
  pages={238--248},
  year={2003},
  publisher={IEEE}
}

@article{ref17,
  title={Customer relationship management: An analysis framework and implementation strategies},
  author={Ling, Raymond and Yen, David C},
  journal={Journal of Computer Information Systems},
  volume={41},
  number={3},
  pages={82--97},
  year={2001},
  publisher={ASSOCIATION FOR COMPUTER EDUCATORS}
}

@article{ref18,
  title={Characterising data mining software},
  author={Giraud-Carrier, C and Povel, Olivier},
  journal={Intelligent Data Analysis},
  volume={7},
  number={3},
  pages={181--192},
  year={2003},
  publisher={IOS Press}
}

@inproceedings{ref19,
  title={Applications of data mining in retail business},
  author={Ahmed, Syed Riaz},
  booktitle={Information Technology: Coding and Computing, 2004. Proceedings. ITCC 2004. International Conference on},
  volume={2},
  pages={455--459},
  year={2004},
  organization={IEEE}
}

@article{ref20,
  title={Data mining in soft computing framework: A survey},
  author={Mitra, Sushmita and Pal, Sankar K and Mitra, Pabitra},
  journal={IEEE transactions on neural networks},
  volume={13},
  number={1},
  pages={3--14},
  year={2002},
  publisher={Institute of Electrical and Electronic Engineers}
}

@article{ref21,
  title={Knowledge management and data mining for marketing},
  author={Shaw, Michael J and Subramaniam, Chandrasekar and Tan, Gek Woo and Welge, Michael E},
  journal={Decision support systems},
  volume={31},
  number={1},
  pages={127--137},
  year={2001},
  publisher={Elsevier}
}

@book{ref22,
  title={Decision support and business intelligence systems},
  author={Turban, Efraim and Sharda, Ramesh and Delen, Dursun and Efraim, Turban},
  year={2007},
  publisher={Pearson Education India}
}

@inproceedings{ref23,
  title={Mining and summarizing customer reviews},
  author={Hu, Minqing and Liu, Bing},
  booktitle={Proceedings of the tenth ACM SIGKDD international conference on Knowledge discovery and data mining},
  pages={168--177},
  year={2004},
  organization={ACM}
}

@inproceedings{ref24,
  title={Leveraging multi-domain prior knowledge in topic models},
  author={Chen, Zhiyuan and Mukherjee, Arjun and Liu, Bing and Hsu, Meichun and Castellanos, Malu and Ghosh, Riddhiman},
  booktitle={Proceedings of the Twenty-Third international joint conference on Artificial Intelligence},
  pages={2071--2077},
  year={2013},
  organization={AAAI Press}
}

@article{ref25,
  title={Latent dirichlet allocation},
  author={Blei, David M and Ng, Andrew Y and Jordan, Michael I},
  journal={the Journal of machine Learning research},
  volume={3},
  pages={993--1022},
  year={2003},
  publisher={JMLR. org}
}

@inproceedings{ref26,
  title={External evaluation of topic models},
  author={Newman, David and Karimi, Sarvnaz and Cavedon, Lawrence and Kay, Judy and Thomas, Paul and Trotman, Andrew},
  booktitle={Australasian Document Computing Symposium (ADCS)},
  pages={1--8},
  year={2009},
  organization={School of Information Technologies, University of Sydney}
}

@inproceedings{ref27,
  title={Automatic evaluation of topic coherence},
  author={Newman, David and Lau, Jey Han and Grieser, Karl and Baldwin, Timothy},
  booktitle={Human Language Technologies: The 2010 Annual Conference of the North American Chapter of the Association for Computational Linguistics},
  pages={100--108},
  year={2010},
  organization={Association for Computational Linguistics}
}

@inproceedings{ref28,
  title={Reading tea leaves: How humans interpret topic models},
  author={Chang, Jonathan and Gerrish, Sean and Wang, Chong and Boyd-graber, Jordan L and Blei, David M},
  booktitle={Advances in neural information processing systems},
  pages={288--296},
  year={2009}
}

@article{ref29,
  title={Introduction to modern information retrieval},
  author={Salton, Gerard and McGill, Michael J},
  year={1983}
}

@article{ref30,
  title={Finding scientific topics},
  author={Griffiths, Thomas L and Steyvers, Mark},
  journal={Proceedings of the National academy of Sciences of the United States of America},
  volume={101},
  number={Suppl 1},
  pages={5228--5235},
  year={2004},
  publisher={National Acad Sciences}
}

@inproceedings{ref31,
  title={Applying discrete PCA in data analysis},
  author={Buntine, Wray and Jakulin, Aleks},
  booktitle={Proceedings of the 20th conference on Uncertainty in artificial intelligence},
  pages={59--66},
  year={2004},
  organization={AUAI Press}
}

﻿@inproceedings{ref32,
  title={Improving topic coherence with regularized topic models},
  author={Newman, David and Bonilla, Edwin V and Buntine, Wray},
  booktitle={Advances in Neural Information Processing Systems},
  pages={496--504},
  year={2011}
}

﻿


