@comment http://bib-it.sourceforge.net/help/fieldsAndEntryTypes.php gives many types of entry

@comment cited by 144. 
@comment Vagelis Hristidis->27, Naphtali Rishe->22
@article{ref1,
author = {De Felipe, Ian, Vagelis Hristidis, and Naphtali Rishe},
title = {Keyword search on spatial databases.},
publisher = {2008 IEEE 24th International Conference on Data Engineering.},
year = {2008},
pages = {656-665},
}

@comment cited by 80. 
@article{ref2,
author = {Akbarinia, Reza, Esther Pacitti, and Patrick Valduriez.},
title = {Best position algorithms for efficient top- k query processing.},
publisher = {Information Systems.},
volume = {36(6)},
year = {2011},
pages = {973-989},
}

@comment cited by 96. 
@comment Y.Chee->13; A. Tung->35
@article{ref3,
author = {Zhang, Dongxiang, Yeow Meng Chee, Anirban Mondal, A. Tung, and Masaru Kitsuregawa.},
title = {Keyword search in spatial databases: Towards searching by document.},
publisher = {Data Engineering, 2009. ICDE'09. IEEE 25th International Conference on.},
address = {Shanghai},
year = {2009},
pages = {688-699},
}

@comment cited by 36. 
@comment M. Yiu->26; C. Jensen->60
@article{ref4,
author = {Wu, Dingming, Man Lung Yiu, Christian S. Jensen, and Gao Cong.},
title = {Efficient continuously moving top-k spatial keyword query processing.},
publisher = {Data Engineering (ICDE), 2011 IEEE 27th International Conference on. IEEE, 2011.},
address = {Hannover},
year = {2011},
pages = {541-552},
}

@comment cited by 80. 
@comment B. Hore->9
@article{ref5,
author = {Hariharan, Ramaswamy, Bijit Hore, Chen Li, and Sharad Mehrotra. },
title = {Processing spatial-keyword (SK) queries in geographic information retrieval (GIR) systems.},
publisher = {Scientific and Statistical Database Management, 2007. SSDBM'07. 19th International Conference on.},
address = {Banff, Alta.},
year = {2007},
pages = {16-16},
}

@comment cited by 2
@article{ref6,
author = {Noack, David.},
title = {Spatial variation in search engine Results.},
publisher = {System Sciences (HICSS), 2010 43rd Hawaii International Conference on.},
pages = {1-10},
year = {2010},
}

@comment cited by 2. 
@article{ref7,
author = {Márquez, J., J. E. Corcoles, and A. Quintanilla.},
title = {A semantic index structure for integrating ogc services in a spatial search engine.},
publisher = {Open Systems (ICOS), 2010 IEEE Conference on.},
address = {Kuala Lumpur},
year = {2010},
pages = {103-108},
}

@comment cited by 5.
@comment A. Toral->12; O. Ferrández->10
@article{ref8,
author = {Antonio Toral, Oscar Ferrández, Elisa Noguera, Zornitsa Kozareva, Andrés Montoyo, and Rafael Munoz.},
title = {Geographic IR helped by structured geospatial knowledge resources.},
school = {Natural Language Processing and Information Systems Group, Department of Software and Computing Systems, University of Alicante, Spain},
year = {2006},
}

@comment cited by 1.
@comment JP de Almeida->2; JG. Morley->11
@article{ref9,
author = {JP de Almeida, JG. Morley, and IJ. Dowman.},
title = {A graph-based algorithm to define urban topology from unstructured geospatial data},
journaltitle = {International Journal of Geographical Information Science},
pages = {1514-1529},
year = {2013},
}

@comment cited by 2.
@comment G.Câmara->34
@article{ref10,
author = {Gibotti, Fernando Renier, Gilberto Câmara, and Renato Almeida Nogueira.},
title = {GeoDiscover – a specialized search engine to discover geospatial data in the Web},
publisher = {GeoInfo},
year = {2005},
}


